<?xml version="1.0" encoding="UTF-8"?><collection xmlns="http://www.loc.gov/MARC21/slim"><record><leader>00485nam--2200181-i-4500</leader><controlfield tag="001">000003195</controlfield><controlfield tag="002">20161230</controlfield><controlfield tag="005">20161230201025</controlfield><controlfield tag="008">060222s1000------------r-----000-0-eng-d</controlfield><datafield ind1=" " ind2=" " tag="040"><subfield code="a">IFIN-HH</subfield></datafield><datafield ind1=" " ind2=" " tag="080"><subfield code="a">539.14</subfield></datafield><datafield ind1="1" ind2=" " tag="100"><subfield code="a">Blin-stoyle, R.J</subfield></datafield><datafield ind1="1" ind2="0" tag="245"><subfield code="a">Theories of nuclear moments</subfield><subfield code="c">R.j. blin-stoyle</subfield></datafield><datafield ind1=" " ind2=" " tag="260"><subfield code="a">London</subfield><subfield code="b">Oxford University Press</subfield><subfield code="c">1957</subfield></datafield><datafield ind1=" " ind2=" " tag="300"><subfield code="a">88P</subfield></datafield><datafield ind1=" " ind2=" " tag="490"><subfield code="a">Oxford Library Of Physical Sciences</subfield></datafield><datafield ind1=" " ind2=" " tag="852"><subfield code="a">12770</subfield><subfield code="c">539.14</subfield></datafield><datafield ind1=" " ind2=" " tag="CAT"><subfield code="a">Sys</subfield><subfield code="c">20120321</subfield><subfield code="h">124356</subfield></datafield></record></collection>